<record><leader>00000cas a2200000 a 4500</leader><controlfield tag="001">33402532</controlfield><controlfield tag="007">hd bfu---baat</controlfield><controlfield tag="007">hd afu---bact</controlfield><controlfield tag="008">951101d189u189unbuwr nea     0    0eng d</controlfield><datafield ind1=" " ind2=" " tag="010"><subfield code="a">sn 95073169 </subfield></datafield><datafield ind1=" " ind2=" " tag="040"><subfield code="a">NVG</subfield><subfield code="b">eng</subfield><subfield code="c">NVG</subfield><subfield code="d">OCL</subfield><subfield code="d">OCLCQ</subfield></datafield><datafield ind1=" " ind2=" " tag="042"><subfield code="a">msc</subfield></datafield><datafield ind1=" " ind2=" " tag="043"><subfield code="a">n-us-nb</subfield></datafield><datafield ind1="0" ind2="4" tag="245"><subfield code="a">The Hastings Saturday Republican</subfield><subfield code="h">[microform].</subfield></datafield><datafield ind1="1" ind2=" " tag="246"><subfield code="i">Title in publisher's box:</subfield><subfield code="a">Weekly Republican</subfield><subfield code="f">&lt;1896-1898&gt;</subfield></datafield><datafield ind1=" " ind2=" " tag="260"><subfield code="a">Hastings, Neb. :</subfield><subfield code="b">C.L. Watkins, F.A. Watkins</subfield></datafield><datafield ind1=" " ind2=" " tag="300"><subfield code="a">v.</subfield></datafield><datafield ind1=" " ind2=" " tag="310"><subfield code="a">Weekly</subfield></datafield><datafield ind1=" " ind2=" " tag="515"><subfield code="a">Issues for &lt;Oct. 5&gt;, 1895-&lt;Apr. 23, 1898&gt; also called &lt;v. 13, no. 52-v. 15, no. 34&gt;, continuing the numbering of the Hastings weekly Nebraskan.</subfield></datafield><datafield ind1=" " ind2=" " tag="580"><subfield code="a">Weekly ed.: Hastings Wednesday Republican, &lt;1895-1896&gt;.</subfield></datafield><datafield ind1=" " ind2=" " tag="580"><subfield code="a">Daily ed.: Hastings daily Republican.</subfield></datafield><datafield ind1=" " ind2=" " tag="588"><subfield code="a">Description based on: 7th year, no. 58 (Oct. 5, 1895).</subfield></datafield><datafield ind1=" " ind2=" " tag="533"><subfield code="a">Microfilm.</subfield><subfield code="m">1895-1898:[Gaps]</subfield><subfield code="b">Lincoln, Neb. :</subfield><subfield code="c">Nebraska State Historical Society.</subfield><subfield code="e">2 microfilm reels ; 35 mm.</subfield></datafield><datafield ind1=" " ind2=" " tag="752"><subfield code="a">United States</subfield><subfield code="b">Nebraska</subfield><subfield code="c">Adams</subfield><subfield code="d">Hastings.</subfield></datafield><datafield ind1="1" ind2=" " tag="775"><subfield code="t">Hastings Wednesday Republican</subfield></datafield><datafield ind1="1" ind2=" " tag="775"><subfield code="t">Hastings daily Republican</subfield><subfield code="w">(DLC)sn 95073172</subfield></datafield><datafield ind1="0" ind2="0" tag="780"><subfield code="t">Hastings Republican</subfield><subfield code="w">(DLC)sn 95073168</subfield></datafield><datafield ind1="0" ind2="5" tag="780"><subfield code="t">Hastings weekly Nebraskan</subfield><subfield code="w">(DLC)sn 95073166</subfield></datafield><datafield ind1="0" ind2="0" tag="785"><subfield code="t">Hastings weekly Republican</subfield><subfield code="w">(DLC)sn 95073170</subfield></datafield><datafield ind1="1" ind2=" " tag="029"><subfield code="a">AU@</subfield><subfield code="b">000012081960</subfield></datafield></record>